@article{miller1998recursive,
  title={Recursive make considered harmful},
  author={Miller, Peter},
  journal={AUUGN Journal of AUUG Inc},
  volume={19},
  number={1},
  pages={14--25},
  year={1998}
}
